<record><leader>00000cas a22000007a 4500</leader><controlfield tag="001">25971740</controlfield><controlfield tag="008">920608d19081918wyuwr ne      0    0eng d</controlfield><datafield ind1=" " ind2=" " tag="010"><subfield code="a">sn 92067090 </subfield></datafield><datafield ind1=" " ind2=" " tag="040"><subfield code="a">NVO</subfield><subfield code="b">eng</subfield><subfield code="c">NVO</subfield><subfield code="d">OCLCQ</subfield><subfield code="d">OCLCF</subfield><subfield code="d">OCLCO</subfield></datafield><datafield ind1=" " ind2=" " tag="042"><subfield code="a">msc</subfield></datafield><datafield ind1=" " ind2=" " tag="043"><subfield code="a">n-us-wy</subfield></datafield><datafield ind1="0" ind2=" " tag="130"><subfield code="a">Miner (Hudson, Wyo.)</subfield></datafield><datafield ind1="1" ind2="4" tag="245"><subfield code="a">The miner.</subfield></datafield><datafield ind1=" " ind2=" " tag="260"><subfield code="a">Hudson, Fremont County, Wyo. :</subfield><subfield code="b">L. Davidson</subfield></datafield><datafield ind1=" " ind2=" " tag="300"><subfield code="a">v.</subfield></datafield><datafield ind1=" " ind2=" " tag="310"><subfield code="a">Weekly</subfield></datafield><datafield ind1="0" ind2=" " tag="362"><subfield code="a">Vol. 2, no. 12 (June 12, 1908)-v. 12, no. 15 (July 12, 1918).</subfield></datafield><datafield ind1=" " ind2="0" tag="650"><subfield code="a">Mineral industries</subfield><subfield code="z">Wyoming</subfield><subfield code="v">Newspapers.</subfield></datafield><datafield ind1=" " ind2="4" tag="651"><subfield code="a">Fremont County (Wyo.)</subfield><subfield code="v">Newspapers.</subfield></datafield><datafield ind1=" " ind2="4" tag="651"><subfield code="a">Hot Springs County (Wyo.)</subfield><subfield code="v">Newspapers.</subfield></datafield><datafield ind1=" " ind2="7" tag="655"><subfield code="a">Newspapers.</subfield><subfield code="2">fast</subfield><subfield code="0">(OCoLC)fst01423814</subfield></datafield><datafield ind1=" " ind2="7" tag="650"><subfield code="a">Mineral industries.</subfield><subfield code="2">fast</subfield><subfield code="0">(OCoLC)fst01022218</subfield></datafield><datafield ind1=" " ind2="7" tag="651"><subfield code="a">Wyoming.</subfield><subfield code="2">fast</subfield><subfield code="0">(OCoLC)fst01204583</subfield></datafield><datafield ind1=" " ind2=" " tag="752"><subfield code="a">United States</subfield><subfield code="b">Wyoming</subfield><subfield code="c">Fremont</subfield><subfield code="d">Hudson.</subfield></datafield><datafield ind1="0" ind2="0" tag="780"><subfield code="t">Copper Mountain miner</subfield><subfield code="w">(DLC)sn 92067089</subfield></datafield></record>